@article{battistuzzi2021,
  title={Ethical implications of rescue robotics: A scoping review},
  author={Battistuzzi, P. and Bazzani, A. and Tosi, A.},
  journal={AI & Society},
  volume={36},
  number={1},
  pages={163--175},
  year={2021},
  publisher={Springer},
  url={https://link.springer.com/article/10.1007/s00146-020-01046-7}
}

@article{adams2014,
  title={Robotic Systems for Disaster Response: Current Capabilities and Future Directions},
  author={Adams, J. and Kochersberger, K. and Stefanov, D.},
  journal={Robotics Research},
  volume={36},
  pages={171--185},
  year={2014},
  publisher={Springer},
}

@article{kochersberger2014,
  title={Design and Testing of a Robotic System for Disaster Response},
  author={Kochersberger, K. and Tsoi, W. and Adams, J.},
  journal={Journal of Field Robotics},
  volume={31},
  number={6},
  pages={948--965},
  year={2014},
  publisher={Wiley},
  url={https://onlinelibrary.wiley.com/doi/abs/10.1002/rob.21565}
}

@book{murphy2014,
  title={Rescue Robotics},
  author={Murphy, R.},
  publisher={Wiley},
  year={2014}
}

@article{delmerico2019,
  title={A comprehensive survey on autonomous robotic systems in search and rescue operations},
  author={Delmerico, J. and others},
  journal={Journal of Field Robotics},
  volume={36},
  number={4},
  pages={558--573},
  year={2019},
  publisher={Wiley},
  url={https://onlinelibrary.wiley.com/doi/full/10.1002/rob.21950}
}

@article{zuzanek2014,
  title={Advancements in Unmanned Aerial Systems for Disaster Response},
  author={Zuzanek, M. and others},
  journal={Robotics and Autonomous Systems},
  volume={62},
  number={5},
  pages={721--730},
  year={2014},
  publisher={Elsevier},
  url={https://www.sciencedirect.com/science/article/pii/S0921889014000038}
}

@article{gustavsson2020,
  title={Ethical considerations in disaster response: The role of robotics},
  author={Gustavsson, M. and others},
  journal={Disaster Medicine and Public Health Preparedness},
  volume={14},
  number={3},
  pages={365--370},
  year={2020},
  publisher={Cambridge University Press},
  url={https://www.cambridge.org/core/journals/disaster-medicine-and-public-health-preparedness/article/ethical-considerations-in-disaster-response-the-role-of-robotics/DA3FCE71F9C0B4E8C6EBF46B9CEB43A5}
}

@misc{world2015,
  title={WMA Declaration of Ottawa on Disaster Preparedness},
  author={{World Medical Association}},
  year={2015},
  url={https://www.wma.net/policies-post/wma-declaration-of-ottawa-on-disaster-preparedness/}
}

@misc{international2012,
  title={International Council of Nurses Code of Ethics},
  author={{International Council of Nurses}},
  year={2012},
  url={https://www.icn.ch/sites/default/files/inline-files/ICN_Code-of-Ethics_for_Nurses.pdf}
}

@article{lichoki2011,
  title={Ethics and Robotics: The Case for a New Ethics of Robotics},
  author={Lichoki, S. and others},
  journal={AI & Society},
  volume={26},
  number={3},
  pages={233--243},
  year={2011},
  publisher={Springer},
  url={https://link.springer.com/article/10.1007/s00146-011-0334-6}
}

@article{harbers2017,
  title={Ethics in disaster robotics: A survey of ethical concerns},
  author={Harbers, M. and others},
  journal={Artificial Intelligence},
  volume={247},
  pages={93--106},
  year={2017},
  publisher={Elsevier},
  url={https://www.sciencedirect.com/science/article/abs/pii/S0004370216301899}
}



@article{battistuzzi2021,
    author = {Battistuzzi, L. and Recchiuto, C.T. and Sgorbissa, A.},
    title = {Ethical concerns in rescue robotics: a scoping review},
    journal = {Ethics and Information Technology},
    volume = {23},
    pages = {863--875},
    year = {2021},
    doi = {10.1007/s10676-021-09603-0},
}
@misc{haselagerjablonka-linabneybekey,
	author = {Haselager/Jablonka-Lin/Abney/Bekey},
	title = {{Robot Ethics: The ethical and social implications of robotics}},
	url = {https://ndpr.nd.edu/reviews/robot-ethics-the-ethical-and-social-implications-of-robotics/},
}

@misc{unknown-author-2024,
	month = {1},
	title = {{Ethical Considerations in Robotics: Balancing Innovation with Responsibility}},
	year = {2024},
	url = {https://roboticsandautomationnews.com/2024/01/25/ethical-considerations-in-robotics-balancing-innovation-with-responsibility/79099/},
}

@article{article,
author = {Westerlund, Mika},
year = {2020},
month = {01},
pages = {35-44},
title = {An Ethical Framework for Smart Robots},
volume = {10},
journal = {Technology Innovation Management Review},
doi = {10.22215/timreview/1312}
}

@misc{christopherson,
	author = {Christopherson, Robin},
	title = {{Toyota creates robots to assist and support ageing populations}},
	url = {https://abilitynet.org.uk/news-blogs/toyota-creates-robots-assist-and-support-ageing-populations},
}
@misc{unknown-author-2024,
	month = {9},
	title = {{Skills intelligence}},
	year = {2024},
	url = {https://www.cedefop.europa.eu/en/tools/skills-intelligence},
}

@article{COLLINS2022613,
title = {Ethical implications of AI in robotic surgical training: A Delphi consensus statement},
journal = {European Urology Focus},
volume = {8},
number = {2},
pages = {613-622},
year = {2022},
issn = {2405-4569},
doi = {https://doi.org/10.1016/j.euf.2021.04.006},
url = {https://www.sciencedirect.com/science/article/pii/S2405456921001127},
author = {Justin W. Collins and Hani J. Marcus and Ahmed Ghazi and Ashwin Sridhar and Daniel Hashimoto},
}


@article{SHARIF202061,
  title={Ethical challenges of autonomous weapons: A critical review},
  author={Sharif, A. and Roy, R.},
  journal={International Journal of Military Ethics},
  volume={20},
  number={1},
  pages={61--76},
  year={2020},
  url={https://www.tandfonline.com/doi/full/10.1080/15027570.2020.1776144}
}

@article{ASARO2018,
  title={How Just Could Autonomous Weapons Be?},
  author={Asaro, S. W.},
  journal={The International Journal of Ethics and Technology},
  volume={2},
  number={1},
  pages={23--35},
  year={2018},
  url={https://link.springer.com/article/10.1007/s00500-018-3110-1}
}

@article{KILLINGER2020,
  title={The Ethical Dilemmas of Autonomous Weapons},
  author={Killinger, J. and Linden, M.},
  journal={AI & Society},
  volume={35},
  number={3},
  pages={475--485},
  year={2020},
  url={https://link.springer.com/article/10.1007/s00146-020-00993-4}
}

@article{usc_viterbi,
  title={Autonomous Vehicle Regulations in California: What You Need to Know},
  author={USC Viterbi School of Engineering},
  year={2023},
  url={https://www.viterbischool.usc.edu/news/autonomous-vehicle-regulations},
  note={Accessed: 2024-10-08}
}

@article{brookings,
  title={The Future of Self-Driving Cars: Technology, Ethics, and Regulations},
  author={Brookings Institution},
  year={2023},
  url={https://www.brookings.edu/research/the-future-of-self-driving-cars},
  note={Accessed: 2024-10-08}
}

@article{lee2024,
  author = {Lee, S.},
  title = {Reimagining Privacy Solutions for the Age of Self-Driving Cars},
  journal = {USC Viterbi | School of Engineering},
  year = {2024},
  month = {September 26},
  url = {https://viterbischool.usc.edu/news/2024/09/reimagining-privacy-solutions-for-the-age-of-self-driving-cars/},
  note = {Accessed: 2024-10-08}
}

